@online{developer.apple.com:design/human-interface-guidelines/ios/visual-design/typography/,
    author={{Apple Inc.}},
    title={Typography - Visual Design - iOS - Human Interface Guidelines - Apple Developer},
    year={2018},
    url={https://developer.apple.com/design/human-interface-guidelines/ios/visual-design/typography/}
}

@online{developer.apple.com:documentation/foundation/nsattributedstring/key/1528658-verticalglyphform,
    author={{Apple Inc.}},
    title={verticalGlyphForm - NSAttributedString.Key | Apple Developer Documentation},
    year={2018},
    url={https://developer.apple.com/documentation/foundation/nsattributedstring/key/1528658-verticalglyphform}
}

@online{developer.apple.com:documentation/uikit/uilabel,
    author={{Apple Inc.}},
    title={UILabel - UIKit | Apple Developer Documentation},
    year={2018},
    url={https://developer.apple.com/documentation/uikit/uilabel}
}

@online{developer.apple.com:library/archive/documentation/MacOSX/Conceptual/BPInternational/InternationalizingYourCode/InternationalizingYourCode.html,
    author={{Apple Inc.}},
    title={Internationalizing Your Code},
    year={2015},
    url={https://developer.apple.com/library/archive/documentation/MacOSX/Conceptual/BPInternational/InternationalizingYourCode/InternationalizingYourCode.html}
}

@online{developer.apple.com:library/archive/documentation/MacOSX/Conceptual/BPInternational/SupportingRight-To-LeftLanguages/SupportingRight-To-LeftLanguages.html,
    author={{Apple Inc.}},
    title={Supporting Right-to-Left Languages},
    year={2015},
    url={https://developer.apple.com/library/archive/documentation/MacOSX/Conceptual/BPInternational/SupportingRight-To-LeftLanguages/SupportingRight-To-LeftLanguages.html}
}

@online{developer.apple.com:library/archive/documentation/StringsTextFonts/Conceptual/TextAndWebiPhoneOS/Introduction/Introduction.html,
    author={{Apple Inc.}},
    title={About Text Handling in iOS},
    year={2018},
    url={https://developer.apple.com/library/archive/documentation/StringsTextFonts/Conceptual/TextAndWebiPhoneOS/Introduction/Introduction.html}
}

@online{developer.apple.com:library/archive/releasenotes/General/RN-iOSSDK-9.0/index.html,
    author={{Apple Inc.}},
    title={iOS 9 Release Notes},
    year={2015},
    url={https://developer.apple.com/library/archive/releasenotes/General/RN-iOSSDK-9.0/index.html}
}

@online{developer.apple.com:videos/play/wwdc2016/201/,
    author={{Apple Inc.}},
    title={Internationalization Best Practices - WWDC 2016 - Videos - Apple Developer},
    year={2016},
    url={https://developer.apple.com/videos/play/wwdc2016/201/}
}

@online{developer.apple.com:videos/play/wwdc2016/232/,
    author={{Apple Inc.}},
    title={What's New in International User Interfaces - WWDC 2016 - Videos - Apple Developer},
    year={2016},
    url={https://developer.apple.com/videos/play/wwdc2016/232/}
}

