@article{islamic_area_studies_resources,
    title={イスラーム地域研究資料の収集・整理・利用の課題と展望},
    author={徳原 靖浩},
    journal={情報の科学と技術},
    year={2016},
}

@inproceedings{sentiment_analysis_for_arabizi_text,
    author={R. M. Duwairi and M. Alfaqeh and M. Wardat and A. Alrabadi},
    booktitle={2016 7th International Conference on Information and Communication Systems (ICICS)},
    title={Sentiment analysis for Arabizi text},
    year={2016}
}

