@book{lis_dictionary,
    editor={{日本図書館情報学会用語辞典編集委員会}},
    title={図書館情報学用語辞典},
    year={2013},
    publisher={丸善出版},
    edition={4},
}

