@online{iosdc.jp:2018,
    author={iOSDC Japan 2018 実行委員会},
    title={iOSDC Japan 2018},
    year={2018},
    url={https://iosdc.jp/2018/}
}

