@online{iosdc.jp:2018,
    author={{iOSDC Japan 2018 実行委員会}},
    title={iOSDC Japan 2018},
    year={2018},
    url={https://iosdc.jp/2018/}
}

@online{fortee.jp:iosdc-japan-2018/speaker/proposal/cfp,
    author={{iOSDC Japan 2018 実行委員会}},
    title={プロポーザル \textbar iOSDC Japan 2018 - fortee.jp},
    year={2018},
    url={https://fortee.jp/iosdc-japan-2018/speaker/proposal/cfp}
}

@online{fortee.jp:iosdc-japan-2018/proposal/8e9e8e22-8ff1-4381-813a-347475c2606f,
    author={{iOSDC Japan 2018 実行委員会}},
    title={フォントと組版の30分入門 by S\_Shimotori \textbar プロポーザル \textbar iOSDC Japan 2018 - fortee.jp},
    year={2018},
    url={https://fortee.jp/iosdc-japan-2018/proposal/8e9e8e22-8ff1-4381-813a-347475c2606f}
}

@online{twitter.com:S_Shimotori_pub/status/1008257832863428609,
    author={{S\_Shimotori}},
    title={Shigure Shimotoriさんのツイート: "フォントと組版の30分入門 by S\_Shimotori \textbar プロポーザル \textbar iOSDC Japan 2018 - https://t.co/DZDIy0aFCd https://t.co/zvSrclhYoT せっかくのiOSDCなので、WWDCのTextKitのセッションに対抗してDTP方面の話をしたいです！よろしくお願いします！！"},
    year={2018},
    url={https://twitter.com/S_Shimotori_pub/status/1008257832863428609}
}
