@online{docs.microsoft.com:en-us/typography/develop/character-design-standards/whitespace,
    author={{Microsoft}},
    title={Character design standards - Space characters for Latin 1 - Typography | Microsoft Docs},
    year={2017},
    url={https://docs.microsoft.com/en-us/typography/develop/character-design-standards/whitespace}
}

@online{eikaiwa.dmm.com:uknow/questions/29852/,
    author={{DMM英会話}},
    title={縦書って英語でなんて言うの？ - DMM英会話なんてuKnow?},
    year={2017},
    url={https://eikaiwa.dmm.com/uknow/questions/29852/}
}

@online{en.wikipedia.org/wiki/File:Typography_Line_Terms.svg,
    author={{Wikipedia}},
    title={File:Typography Line Terms.svg - Wikipedia},
    year={2007},
    url={https://en.wikipedia.org/wiki/File:Typography_Line_Terms.svg}
}

@online{jvndb.jvn.jp:ja/contents/2010/JVNDB-2010-002420.html,
    author={{独立行政法人 情報処理推進機構}},
    title={JVNDB-2010-002420 - JVN iPedia - 脆弱性対策情報データベース},
    year={2010},
    url={https://jvndb.jvn.jp/ja/contents/2010/JVNDB-2010-002420.html}
}

@online{material.io:design/typography/language-support.html,
    author={{Google}},
    title={Language support - Material Design},
    url={https://material.io/design/typography/language-support.html}
}

@online{material.io/design/usability/bidirectionality.html,
    author={{Google}},
    title={Bidirectionality - Material Design},
    url={https://material.io/design/usability/bidirectionality.html}
}

@online{rnavi.ndl.go.jp:asia/entry/bulletin7-3-2.php,
    author={林瞬介},
    title={アラビア文字活字印刷の普及とムハンマド・アリー時代のブーラーク印刷所： アジア情報室通報 第7巻第3号 | アジア諸国の情報をさがす | 国立国会図書館},
    year={2012},
    url={https://rnavi.ndl.go.jp/asia/entry/bulletin7-3-2.php}
}

@online{unicode.org:Public/UNIDATA/Blocks.txt,
    author={{Unicode\copyright, Inc.}},
    title={Blocks-11.0.0.txt},
    year={2017},
    url={https://unicode.org/Public/UNIDATA/Blocks.txt}
}

@online{unicode.org:reports/tr9/,
    author={{Unicode\copyright, Inc.}},
    title={UAX \#9: Unicode Bidirectional Algorithm},
    year={2017},
    url={http://unicode.org/reports/tr9/}
}

@online{www.aa.tufs.ac.jp:mmine/lecture/lec03/TLKChar/lecTLK03.htm,
    author={峰岸真琴},
    title={タイ語，ラオス語，カンボジア語（クメール語）の文字処理と組版における課題},
    year={2003},
    url={http://www.coelang.tufs.ac.jp/mt/th/}
}

@online{www.coelang.tufs.ac.jp:mt/th/,
    author={{東京外国語大学}},
    title={東外大言語モジュール｜タイ語},
    year={},
    url={http://www.coelang.tufs.ac.jp/mt/th/}
}

@online{www.jpp.co.jp:yougo/a1.html,
    author={{日本印刷出版株式会社}},
    title={日本印刷出版株式会社 印刷用語辞典},
    year={2007},
    url={http://www.jpp.co.jp/yougo/a1.html}
}

@online{www.printing-museum.org:communication/column/pdf/column_6.pdf,
    author={本多真紀子},
    title={書物の大量生産のために機械化される文字製版},
    year={},
    url={http://www.printing-museum.org/communication/column/pdf/column_6.pdf}
}

@online{www.morisawa.co.jp:fonts/multilingual/typesetting/pdf/all_multilingualtypesetting_1802.pdf,
    author={{株式会社モリサワ}},
    title={MORISAWA PASSPORT 英中韓組版ルールブック（タイ語含む）},
    year={},
    url={https://www.morisawa.co.jp/fonts/multilingual/typesetting/pdf/all_multilingualtypesetting_1802.pdf}
}

@online{www.w3.org:International/articles/inline-bidi-markup/uba-basics,
    author={Richard Ishida},
    title={Unicode Bidirectional Algorithm basics},
    year={2016},
    url={https://www.w3.org/International/articles/inline-bidi-markup/uba-basics}
}

@online{www.w3.org:International/articles/vertical-text/,
    author={Richard Ishida},
    title={Styling vertical Chinese, Japanese, Korean and Mongolian text},
    year={2017},
    url={https://www.w3.org/International/articles/vertical-text/}
}

@online{www.w3.org:International/questions/qa-scripts,
    author={Tex Texin},
    title={Script direction and languages},
    year={2003},
    url={https://www.w3.org/International/questions/qa-scripts}
}

@online{www.w3.org:TR/2011/WD-jlreq-20111129/ja/,
    author={{W3C\copyright}},
    title={日本語組版処理の要件（日本語版）},
    year={2011},
    url={https://www.w3.org/TR/2011/WD-jlreq-20111129/ja/}
}

